<?xml version="1.0" encoding="UTF-8"?>
  <record xmlns="http://www.loc.gov/MARC21/slim" type="Authority">
    <leader>00000nz  a2200000nc 4500</leader>
    <controlfield tag="001">118560085</controlfield>
    <controlfield tag="003">DE-101</controlfield>
    <controlfield tag="005">20220629003105.0</controlfield>
    <controlfield tag="008">880701n||azznnaabn           | aaa    |c</controlfield>
    <datafield tag="024" ind1="7" ind2=" ">
      <subfield code="a">118560085</subfield>
      <subfield code="0">http://d-nb.info/gnd/118560085</subfield>
      <subfield code="2">gnd</subfield>
    </datafield>
    <datafield tag="024" ind1="7" ind2=" ">
      <subfield code="a">n80081765</subfield>
      <subfield code="2">lccn</subfield>
    </datafield>
    <datafield tag="024" ind1="7" ind2=" ">
      <subfield code="a">88599000</subfield>
      <subfield code="2">viaf</subfield>
    </datafield>
    <datafield tag="035" ind1=" " ind2=" ">
      <subfield code="a">(DE-101)118560085</subfield>
    </datafield>
    <datafield tag="035" ind1=" " ind2=" ">
      <subfield code="a">(DE-588)118560085</subfield>
    </datafield>
    <datafield tag="035" ind1=" " ind2=" ">
      <subfield code="z">(DE-588)105529967X</subfield>
    </datafield>
    <datafield tag="035" ind1=" " ind2=" ">
      <subfield code="z">(DE-588)1089800371</subfield>
    </datafield>
    <datafield tag="035" ind1=" " ind2=" ">
      <subfield code="z">(DE-588)1089116926</subfield>
    </datafield>
    <datafield tag="035" ind1=" " ind2=" ">
      <subfield code="z">(DE-588)142892572</subfield>
    </datafield>
    <datafield tag="035" ind1=" " ind2=" ">
      <subfield code="z">(DE-588a)142892572</subfield>
      <subfield code="9">v:zg</subfield>
    </datafield>
    <datafield tag="035" ind1=" " ind2=" ">
      <subfield code="z">(DE-588)187698007</subfield>
    </datafield>
    <datafield tag="035" ind1=" " ind2=" ">
      <subfield code="z">(DE-588a)187698007</subfield>
      <subfield code="9">v:zg</subfield>
    </datafield>
    <datafield tag="035" ind1=" " ind2=" ">
      <subfield code="z">(DE-588)187577684</subfield>
    </datafield>
    <datafield tag="035" ind1=" " ind2=" ">
      <subfield code="z">(DE-588a)187577684</subfield>
      <subfield code="9">v:zg</subfield>
    </datafield>
    <datafield tag="035" ind1=" " ind2=" ">
      <subfield code="z">(DE-588)186790759</subfield>
    </datafield>
    <datafield tag="035" ind1=" " ind2=" ">
      <subfield code="z">(DE-588a)186790759</subfield>
      <subfield code="9">v:zg</subfield>
    </datafield>
    <datafield tag="035" ind1=" " ind2=" ">
      <subfield code="z">(DE-588a)118560085</subfield>
      <subfield code="9">v:zg</subfield>
    </datafield>
    <datafield tag="035" ind1=" " ind2=" ">
      <subfield code="z">(DE-588a)137208138</subfield>
    </datafield>
    <datafield tag="035" ind1=" " ind2=" ">
      <subfield code="z">(DE-588a)126465312</subfield>
    </datafield>
    <datafield tag="035" ind1=" " ind2=" ">
      <subfield code="z">(DE-588a)126465282</subfield>
    </datafield>
    <datafield tag="035" ind1=" " ind2=" ">
      <subfield code="z">(DE-588a)126358761</subfield>
    </datafield>
    <datafield tag="035" ind1=" " ind2=" ">
      <subfield code="z">(DE-588c)4029679-9</subfield>
      <subfield code="9">v:zg</subfield>
    </datafield>
    <datafield tag="040" ind1=" " ind2=" ">
      <subfield code="a">DE-101</subfield>
      <subfield code="c">DE-101</subfield>
      <subfield code="9">r:DE-101</subfield>
      <subfield code="b">ger</subfield>
      <subfield code="d">9999</subfield>
      <subfield code="e">rda</subfield>
    </datafield>
    <datafield tag="042" ind1=" " ind2=" ">
      <subfield code="a">gnd1</subfield>
    </datafield>
    <datafield tag="043" ind1=" " ind2=" ">
      <subfield code="c">XA-DE</subfield>
    </datafield>
    <datafield tag="065" ind1=" " ind2=" ">
      <subfield code="a">16.5p</subfield>
      <subfield code="2">sswd</subfield>
    </datafield>
    <datafield tag="075" ind1=" " ind2=" ">
      <subfield code="b">p</subfield>
      <subfield code="2">gndgen</subfield>
    </datafield>
    <datafield tag="075" ind1=" " ind2=" ">
      <subfield code="b">pik</subfield>
      <subfield code="2">gndspec</subfield>
    </datafield>
    <datafield tag="079" ind1=" " ind2=" ">
      <subfield code="a">g</subfield>
      <subfield code="q">s</subfield>
      <subfield code="q">f</subfield>
      <subfield code="q">n</subfield>
      <subfield code="q">a</subfield>
      <subfield code="u">v</subfield>
      <subfield code="u">w</subfield>
      <subfield code="u">o</subfield>
    </datafield>
    <datafield tag="100" ind1="0" ind2=" ">
      <subfield code="a">Karl</subfield>
      <subfield code="b">IV.</subfield>
      <subfield code="c">Heiliges Römisches Reich, Kaiser</subfield>
      <subfield code="d">1316-1378</subfield>
    </datafield>
    <datafield tag="375" ind1=" " ind2=" ">
      <subfield code="a">1</subfield>
      <subfield code="2">iso5218</subfield>
    </datafield>
    <datafield tag="400" ind1="0" ind2=" ">
      <subfield code="a">Carlo</subfield>
      <subfield code="c">di Lussemburgo</subfield>
      <subfield code="d">1316-1378</subfield>
    </datafield>
    <datafield tag="400" ind1="0" ind2=" ">
      <subfield code="a">Carolus</subfield>
      <subfield code="b">IV.</subfield>
      <subfield code="c">Bohemia, Rex</subfield>
      <subfield code="d">1316-1378</subfield>
    </datafield>
    <datafield tag="400" ind1="0" ind2=" ">
      <subfield code="a">Carolus</subfield>
      <subfield code="b">IV.</subfield>
      <subfield code="c">Imperium Romano-Germanicum, Imperator</subfield>
      <subfield code="d">1316-1378</subfield>
    </datafield>
    <datafield tag="400" ind1="0" ind2=" ">
      <subfield code="a">Charles</subfield>
      <subfield code="b">IV.</subfield>
      <subfield code="c">Allemagne, Empereur</subfield>
      <subfield code="d">1316-1378</subfield>
    </datafield>
    <datafield tag="400" ind1="0" ind2=" ">
      <subfield code="a">Charles</subfield>
      <subfield code="c">Bourgogne, Roi</subfield>
      <subfield code="d">1316-1378</subfield>
    </datafield>
    <datafield tag="400" ind1="0" ind2=" ">
      <subfield code="a">Charles</subfield>
      <subfield code="c">de Luxembourg</subfield>
      <subfield code="d">1316-1378</subfield>
    </datafield>
    <datafield tag="400" ind1="0" ind2=" ">
      <subfield code="a">Charles</subfield>
      <subfield code="b">IV.</subfield>
      <subfield code="c">Germany, Emperor</subfield>
      <subfield code="d">1316-1378</subfield>
    </datafield>
    <datafield tag="400" ind1="0" ind2=" ">
      <subfield code="a">Karl</subfield>
      <subfield code="c">Burgund, König</subfield>
      <subfield code="d">1316-1378</subfield>
    </datafield>
    <datafield tag="400" ind1="0" ind2=" ">
      <subfield code="a">Karl</subfield>
      <subfield code="c">Mähren, Markgraf</subfield>
      <subfield code="d">1316-1378</subfield>
    </datafield>
    <datafield tag="400" ind1="0" ind2=" ">
      <subfield code="a">Karl</subfield>
      <subfield code="c">von Luxemburg</subfield>
      <subfield code="d">1316-1378</subfield>
    </datafield>
    <datafield tag="400" ind1="0" ind2=" ">
      <subfield code="a">Lucemburský Charles</subfield>
      <subfield code="b">IV.</subfield>
      <subfield code="d">1316-1378</subfield>
    </datafield>
    <datafield tag="400" ind1="0" ind2=" ">
      <subfield code="a">Liuksemburgietis Karolis</subfield>
      <subfield code="b">IV.</subfield>
      <subfield code="d">1316-1378</subfield>
    </datafield>
    <datafield tag="400" ind1="0" ind2=" ">
      <subfield code="a">Wenceslas</subfield>
      <subfield code="d">1316-1378</subfield>
    </datafield>
    <datafield tag="400" ind1="0" ind2=" ">
      <subfield code="a">Wenzel</subfield>
      <subfield code="d">1316-1378</subfield>
    </datafield>
    <datafield tag="400" ind1="0" ind2=" ">
      <subfield code="a">Karolus</subfield>
      <subfield code="b">IV.</subfield>
      <subfield code="c">Heiliges Römisches Reich, Kaiser</subfield>
      <subfield code="d">1316-1378</subfield>
    </datafield>
    <datafield tag="400" ind1="0" ind2=" ">
      <subfield code="a">Carolus</subfield>
      <subfield code="b">IV.</subfield>
      <subfield code="c">Heiliges Römisches Reich, Kaiser</subfield>
      <subfield code="d">1316-1378</subfield>
    </datafield>
    <datafield tag="400" ind1="0" ind2=" ">
      <subfield code="a">Karolus</subfield>
      <subfield code="b">IV.</subfield>
      <subfield code="c">Imperator Romanorum</subfield>
      <subfield code="d">1316-1378</subfield>
    </datafield>
    <datafield tag="400" ind1="0" ind2=" ">
      <subfield code="a">Carl</subfield>
      <subfield code="b">IV.</subfield>
      <subfield code="c">Heiliges Römisches Reich, Kaiser</subfield>
      <subfield code="d">1316-1378</subfield>
    </datafield>
    <datafield tag="400" ind1="0" ind2=" ">
      <subfield code="a">Carolus</subfield>
      <subfield code="b">IV.</subfield>
      <subfield code="c">Imperator</subfield>
      <subfield code="d">1316-1378</subfield>
    </datafield>
    <datafield tag="400" ind1="0" ind2=" ">
      <subfield code="a">Carolus</subfield>
      <subfield code="b">IV.</subfield>
      <subfield code="c">Kaiser</subfield>
      <subfield code="d">1316-1378</subfield>
    </datafield>
    <datafield tag="400" ind1="0" ind2=" ">
      <subfield code="a">Carolus</subfield>
      <subfield code="b">IV.</subfield>
      <subfield code="c">Romanorum Imperator</subfield>
      <subfield code="d">1316-1378</subfield>
    </datafield>
    <datafield tag="400" ind1="0" ind2=" ">
      <subfield code="a">Carolus</subfield>
      <subfield code="b">IV.</subfield>
      <subfield code="c">Germania, Imperator</subfield>
      <subfield code="d">1316-1378</subfield>
    </datafield>
    <datafield tag="400" ind1="0" ind2=" ">
      <subfield code="a">Karel</subfield>
      <subfield code="b">IV.</subfield>
      <subfield code="d">1316-1378</subfield>
    </datafield>
    <datafield tag="400" ind1="0" ind2=" ">
      <subfield code="a">Carolus</subfield>
      <subfield code="c">IV.</subfield>
      <subfield code="d">1316-1378</subfield>
    </datafield>
    <datafield tag="400" ind1="0" ind2=" ">
      <subfield code="a">Karl</subfield>
      <subfield code="b">IV.</subfield>
      <subfield code="d">1316-1378</subfield>
    </datafield>
    <datafield tag="400" ind1="0" ind2=" ">
      <subfield code="a">Karol</subfield>
      <subfield code="b">IV.</subfield>
      <subfield code="d">1316-1378</subfield>
    </datafield>
    <datafield tag="400" ind1="0" ind2=" ">
      <subfield code="a">Karl</subfield>
      <subfield code="c">von Lützelburg</subfield>
      <subfield code="d">1316-1378</subfield>
    </datafield>
    <datafield tag="400" ind1="0" ind2=" ">
      <subfield code="a">Karolus</subfield>
      <subfield code="b">IV.</subfield>
      <subfield code="c">Imperium Romanum-Germanicum, Imperator</subfield>
      <subfield code="d">1316-1378</subfield>
    </datafield>
    <datafield tag="400" ind1="0" ind2=" ">
      <subfield code="a">Karl</subfield>
      <subfield code="b">IV:</subfield>
      <subfield code="c">Deutschland, Kaiser</subfield>
      <subfield code="d">1316-1378</subfield>
    </datafield>
    <datafield tag="400" ind1="0" ind2=" ">
      <subfield code="a">Karl</subfield>
      <subfield code="b">I.</subfield>
      <subfield code="c">König von Böhmen</subfield>
      <subfield code="d">1316-1378</subfield>
    </datafield>
    <datafield tag="400" ind1="0" ind2=" ">
      <subfield code="a">Karel</subfield>
      <subfield code="b">I.</subfield>
      <subfield code="c">König von Böhmen</subfield>
      <subfield code="d">1316-1378</subfield>
    </datafield>
    <datafield tag="400" ind1="0" ind2=" ">
      <subfield code="a">Karl</subfield>
      <subfield code="b">IV.</subfield>
      <subfield code="c">Römisch-Deutsches Reich, Kaiser</subfield>
      <subfield code="d">1316-1378</subfield>
    </datafield>
    <datafield tag="400" ind1="0" ind2=" ">
      <subfield code="a">Karolus</subfield>
      <subfield code="b">IV.</subfield>
      <subfield code="d">1316-1378</subfield>
    </datafield>
    <datafield tag="400" ind1="0" ind2=" ">
      <subfield code="a">Caroli</subfield>
      <subfield code="b">IV.</subfield>
      <subfield code="d">1316-1378</subfield>
    </datafield>
    <datafield tag="400" ind1="0" ind2=" ">
      <subfield code="a">Carolus</subfield>
      <subfield code="b">IV.</subfield>
      <subfield code="c">Imperium Romanum-germanicum, Imperator</subfield>
      <subfield code="d">1316-1378</subfield>
    </datafield>
    <datafield tag="400" ind1="0" ind2=" ">
      <subfield code="a">Carolus</subfield>
      <subfield code="b">IV</subfield>
      <subfield code="c">Römisch-deutsches Reich, Kaiser</subfield>
      <subfield code="d">1316-1378</subfield>
    </datafield>
    <datafield tag="400" ind1="0" ind2=" ">
      <subfield code="a">Carolus Quartus</subfield>
      <subfield code="d">1316-1378</subfield>
    </datafield>
    <datafield tag="500" ind1="0" ind2=" ">
      <subfield code="0">(DE-101)11944755X</subfield>
      <subfield code="0">(DE-588)11944755X</subfield>
      <subfield code="0">https://d-nb.info/gnd/11944755X</subfield>
      <subfield code="a">Johann</subfield>
      <subfield code="c">Böhmen, König</subfield>
      <subfield code="d">1296-1346</subfield>
      <subfield code="4">bezf</subfield>
      <subfield code="4">https://d-nb.info/standards/elementset/gnd#familialRelationship</subfield>
      <subfield code="w">r</subfield>
      <subfield code="i">Beziehung familiaer</subfield>
      <subfield code="e">Beziehung familiaer</subfield>
      <subfield code="9">v:Vater</subfield>
    </datafield>
    <datafield tag="500" ind1="0" ind2=" ">
      <subfield code="0">(DE-101)120914026</subfield>
      <subfield code="0">(DE-588)120914026</subfield>
      <subfield code="0">https://d-nb.info/gnd/120914026</subfield>
      <subfield code="a">Elisabeth</subfield>
      <subfield code="c">Böhmen, Königin</subfield>
      <subfield code="d">1292-1330</subfield>
      <subfield code="4">bezf</subfield>
      <subfield code="4">https://d-nb.info/standards/elementset/gnd#familialRelationship</subfield>
      <subfield code="w">r</subfield>
      <subfield code="i">Beziehung familiaer</subfield>
      <subfield code="e">Beziehung familiaer</subfield>
      <subfield code="9">v:Mutter</subfield>
    </datafield>
    <datafield tag="500" ind1="0" ind2=" ">
      <subfield code="0">(DE-101)1153426757</subfield>
      <subfield code="0">(DE-588)1153426757</subfield>
      <subfield code="0">https://d-nb.info/gnd/1153426757</subfield>
      <subfield code="a">Margarethe</subfield>
      <subfield code="c">Niederbayern, Herzogin</subfield>
      <subfield code="d">1313-1341</subfield>
      <subfield code="4">bezf</subfield>
      <subfield code="4">https://d-nb.info/standards/elementset/gnd#familialRelationship</subfield>
      <subfield code="w">r</subfield>
      <subfield code="i">Beziehung familiaer</subfield>
      <subfield code="e">Beziehung familiaer</subfield>
      <subfield code="9">v:Schwester</subfield>
    </datafield>
    <datafield tag="500" ind1="0" ind2=" ">
      <subfield code="0">(DE-101)136817475</subfield>
      <subfield code="0">(DE-588)136817475</subfield>
      <subfield code="0">https://d-nb.info/gnd/136817475</subfield>
      <subfield code="a">Blanca</subfield>
      <subfield code="c">Čechy, Královna</subfield>
      <subfield code="d">1317-1348</subfield>
      <subfield code="4">bezf</subfield>
      <subfield code="4">https://d-nb.info/standards/elementset/gnd#familialRelationship</subfield>
      <subfield code="w">r</subfield>
      <subfield code="i">Beziehung familiaer</subfield>
      <subfield code="e">Beziehung familiaer</subfield>
      <subfield code="9">v:1. Gemahlin</subfield>
    </datafield>
    <datafield tag="500" ind1="0" ind2=" ">
      <subfield code="0">(DE-101)138780048</subfield>
      <subfield code="0">(DE-588)138780048</subfield>
      <subfield code="0">https://d-nb.info/gnd/138780048</subfield>
      <subfield code="a">Katharina</subfield>
      <subfield code="c">von Luxemburg, Herzogin</subfield>
      <subfield code="d">1342-1395</subfield>
      <subfield code="4">bezf</subfield>
      <subfield code="4">https://d-nb.info/standards/elementset/gnd#familialRelationship</subfield>
      <subfield code="w">r</subfield>
      <subfield code="i">Beziehung familiaer</subfield>
      <subfield code="e">Beziehung familiaer</subfield>
      <subfield code="9">v:Tochter</subfield>
    </datafield>
    <datafield tag="500" ind1="0" ind2=" ">
      <subfield code="0">(DE-101)1238086624</subfield>
      <subfield code="0">(DE-588)1238086624</subfield>
      <subfield code="0">https://d-nb.info/gnd/1238086624</subfield>
      <subfield code="a">Elisabeth</subfield>
      <subfield code="c">Österreich, Herzogin</subfield>
      <subfield code="d">1358-1373</subfield>
      <subfield code="4">bezf</subfield>
      <subfield code="4">https://d-nb.info/standards/elementset/gnd#familialRelationship</subfield>
      <subfield code="w">r</subfield>
      <subfield code="i">Beziehung familiaer</subfield>
      <subfield code="e">Beziehung familiaer</subfield>
      <subfield code="9">v:Tochter</subfield>
    </datafield>
    <datafield tag="500" ind1="0" ind2=" ">
      <subfield code="0">(DE-101)136828701</subfield>
      <subfield code="0">(DE-588)136828701</subfield>
      <subfield code="0">https://d-nb.info/gnd/136828701</subfield>
      <subfield code="a">Anna</subfield>
      <subfield code="c">Heiliges Römisches Reich, Königin</subfield>
      <subfield code="d">1329-1353</subfield>
      <subfield code="4">bezf</subfield>
      <subfield code="4">https://d-nb.info/standards/elementset/gnd#familialRelationship</subfield>
      <subfield code="w">r</subfield>
      <subfield code="i">Beziehung familiaer</subfield>
      <subfield code="e">Beziehung familiaer</subfield>
      <subfield code="9">v:2. Gemahlin</subfield>
    </datafield>
    <datafield tag="500" ind1="0" ind2=" ">
      <subfield code="0">(DE-101)136828868</subfield>
      <subfield code="0">(DE-588)136828868</subfield>
      <subfield code="0">https://d-nb.info/gnd/136828868</subfield>
      <subfield code="a">Anna</subfield>
      <subfield code="c">Heiliges Römisches Reich, Kaiserin</subfield>
      <subfield code="d">1339-1362</subfield>
      <subfield code="4">bezf</subfield>
      <subfield code="4">https://d-nb.info/standards/elementset/gnd#familialRelationship</subfield>
      <subfield code="w">r</subfield>
      <subfield code="i">Beziehung familiaer</subfield>
      <subfield code="e">Beziehung familiaer</subfield>
      <subfield code="9">v:3. Gemahlin</subfield>
    </datafield>
    <datafield tag="500" ind1="0" ind2=" ">
      <subfield code="0">(DE-101)118631349</subfield>
      <subfield code="0">(DE-588)118631349</subfield>
      <subfield code="0">https://d-nb.info/gnd/118631349</subfield>
      <subfield code="a">Wenzel</subfield>
      <subfield code="c">Heiliges Römisches Reich, König</subfield>
      <subfield code="d">1361-1419</subfield>
      <subfield code="4">bezf</subfield>
      <subfield code="4">https://d-nb.info/standards/elementset/gnd#familialRelationship</subfield>
      <subfield code="w">r</subfield>
      <subfield code="i">Beziehung familiaer</subfield>
      <subfield code="e">Beziehung familiaer</subfield>
      <subfield code="9">v:Sohn</subfield>
    </datafield>
    <datafield tag="500" ind1="0" ind2=" ">
      <subfield code="0">(DE-101)189559918</subfield>
      <subfield code="0">(DE-588)189559918</subfield>
      <subfield code="0">https://d-nb.info/gnd/189559918</subfield>
      <subfield code="a">Elisabeth</subfield>
      <subfield code="c">Heiliges Römisches Reich, Kaiserin</subfield>
      <subfield code="d">1347-1393</subfield>
      <subfield code="4">bezf</subfield>
      <subfield code="4">https://d-nb.info/standards/elementset/gnd#familialRelationship</subfield>
      <subfield code="w">r</subfield>
      <subfield code="i">Beziehung familiaer</subfield>
      <subfield code="e">Beziehung familiaer</subfield>
      <subfield code="9">v:4. Gemahlin</subfield>
    </datafield>
    <datafield tag="500" ind1="0" ind2=" ">
      <subfield code="0">(DE-101)118649434</subfield>
      <subfield code="0">(DE-588)118649434</subfield>
      <subfield code="0">https://d-nb.info/gnd/118649434</subfield>
      <subfield code="a">Anne</subfield>
      <subfield code="c">England, Königin, 1366-1394</subfield>
      <subfield code="d">1366-1394</subfield>
      <subfield code="4">bezf</subfield>
      <subfield code="4">https://d-nb.info/standards/elementset/gnd#familialRelationship</subfield>
      <subfield code="w">r</subfield>
      <subfield code="i">Beziehung familiaer</subfield>
      <subfield code="e">Beziehung familiaer</subfield>
      <subfield code="9">v:Tochter</subfield>
    </datafield>
    <datafield tag="500" ind1="0" ind2=" ">
      <subfield code="0">(DE-101)118614185</subfield>
      <subfield code="0">(DE-588)118614185</subfield>
      <subfield code="0">https://d-nb.info/gnd/118614185</subfield>
      <subfield code="a">Sigismund</subfield>
      <subfield code="c">Heiliges Römisches Reich, Kaiser</subfield>
      <subfield code="d">1368-1437</subfield>
      <subfield code="4">bezf</subfield>
      <subfield code="4">https://d-nb.info/standards/elementset/gnd#familialRelationship</subfield>
      <subfield code="w">r</subfield>
      <subfield code="i">Beziehung familiaer</subfield>
      <subfield code="e">Beziehung familiaer</subfield>
      <subfield code="9">v:Sohn</subfield>
    </datafield>
    <datafield tag="500" ind1="0" ind2=" ">
      <subfield code="0">(DE-101)137842619</subfield>
      <subfield code="0">(DE-588)137842619</subfield>
      <subfield code="0">https://d-nb.info/gnd/137842619</subfield>
      <subfield code="a">Johann</subfield>
      <subfield code="c">Brandenburg, Markgraf</subfield>
      <subfield code="d">1370-1396</subfield>
      <subfield code="4">bezf</subfield>
      <subfield code="4">https://d-nb.info/standards/elementset/gnd#familialRelationship</subfield>
      <subfield code="w">r</subfield>
      <subfield code="i">Beziehung familiaer</subfield>
      <subfield code="e">Beziehung familiaer</subfield>
      <subfield code="9">v:Sohn</subfield>
    </datafield>
    <datafield tag="500" ind1="0" ind2=" ">
      <subfield code="0">(DE-101)1069538841</subfield>
      <subfield code="0">(DE-588)1069538841</subfield>
      <subfield code="0">https://d-nb.info/gnd/1069538841</subfield>
      <subfield code="a">Reimbotus</subfield>
      <subfield code="c">de Castro</subfield>
      <subfield code="d">-1389</subfield>
      <subfield code="4">bezb</subfield>
      <subfield code="4">https://d-nb.info/standards/elementset/gnd#professionalRelationship</subfield>
      <subfield code="w">r</subfield>
      <subfield code="i">Beziehung beruflich</subfield>
      <subfield code="e">Beziehung beruflich</subfield>
      <subfield code="9">v:Leibarzt</subfield>
    </datafield>
    <datafield tag="548" ind1=" " ind2=" ">
      <subfield code="a">1316-1378</subfield>
      <subfield code="4">datl</subfield>
      <subfield code="4">https://d-nb.info/standards/elementset/gnd#dateOfBirthAndDeath</subfield>
      <subfield code="w">r</subfield>
      <subfield code="i">Lebensdaten</subfield>
    </datafield>
    <datafield tag="548" ind1=" " ind2=" ">
      <subfield code="a">14.05.1316-29.11.1378</subfield>
      <subfield code="4">datx</subfield>
      <subfield code="4">https://d-nb.info/standards/elementset/gnd#dateOfBirthAndDeath</subfield>
      <subfield code="w">r</subfield>
      <subfield code="i">Exakte Lebensdaten</subfield>
    </datafield>
    <datafield tag="550" ind1=" " ind2=" ">
      <subfield code="0">(DE-101)040315169</subfield>
      <subfield code="0">(DE-588)4031516-2</subfield>
      <subfield code="0">https://d-nb.info/gnd/4031516-2</subfield>
      <subfield code="a">König</subfield>
      <subfield code="4">adel</subfield>
      <subfield code="4">https://d-nb.info/standards/elementset/gnd#titleOfNobility</subfield>
      <subfield code="w">r</subfield>
      <subfield code="i">Adelstitel</subfield>
    </datafield>
    <datafield tag="550" ind1=" " ind2=" ">
      <subfield code="0">(DE-101)041141237</subfield>
      <subfield code="0">(DE-588)4114123-4</subfield>
      <subfield code="0">https://d-nb.info/gnd/4114123-4</subfield>
      <subfield code="a">Kaiser</subfield>
      <subfield code="4">adel</subfield>
      <subfield code="4">https://d-nb.info/standards/elementset/gnd#titleOfNobility</subfield>
      <subfield code="w">r</subfield>
      <subfield code="i">Adelstitel</subfield>
    </datafield>
    <datafield tag="551" ind1=" " ind2=" ">
      <subfield code="0">(DE-101)040763102</subfield>
      <subfield code="0">(DE-588)4076310-9</subfield>
      <subfield code="0">https://d-nb.info/gnd/4076310-9</subfield>
      <subfield code="a">Prag</subfield>
      <subfield code="4">ortg</subfield>
      <subfield code="4">https://d-nb.info/standards/elementset/gnd#placeOfBirth</subfield>
      <subfield code="w">r</subfield>
      <subfield code="i">Geburtsort</subfield>
    </datafield>
    <datafield tag="551" ind1=" " ind2=" ">
      <subfield code="0">(DE-101)040763102</subfield>
      <subfield code="0">(DE-588)4076310-9</subfield>
      <subfield code="0">https://d-nb.info/gnd/4076310-9</subfield>
      <subfield code="a">Prag</subfield>
      <subfield code="4">orts</subfield>
      <subfield code="4">https://d-nb.info/standards/elementset/gnd#placeOfDeath</subfield>
      <subfield code="w">r</subfield>
      <subfield code="i">Sterbeort</subfield>
    </datafield>
    <datafield tag="667" ind1=" " ind2=" ">
      <subfield code="a">12-PMA</subfield>
    </datafield>
    <datafield tag="667" ind1=" " ind2=" ">
      <subfield code="a">12</subfield>
    </datafield>
    <datafield tag="667" ind1=" " ind2=" ">
      <subfield code="a">384</subfield>
    </datafield>
    <datafield tag="667" ind1=" " ind2=" ">
      <subfield code="a">7</subfield>
    </datafield>
    <datafield tag="667" ind1=" " ind2=" ">
      <subfield code="a">VD-17</subfield>
    </datafield>
    <datafield tag="667" ind1=" " ind2=" ">
      <subfield code="a">3</subfield>
    </datafield>
    <datafield tag="667" ind1=" " ind2=" ">
      <subfield code="a">VD-18</subfield>
    </datafield>
    <datafield tag="670" ind1=" " ind2=" ">
      <subfield code="a">M; LMA,V,971/74</subfield>
    </datafield>
    <datafield tag="672" ind1=" " ind2="0">
      <subfield code="a">Karl &lt;Heiliges Römisches Reich, Kaiser, IV.&gt;: Aurea Bulla D. Caroli Quarti , Romanorum Imp*. - [ca. 1600]</subfield>
    </datafield>
    <datafield tag="672" ind1=" " ind2="0">
      <subfield code="a">Karl &lt;Heiliges Römisches Reich, Kaiser, IV.&gt;: Aurea Bulla Karoli Quarti Rom. Imperatoris N*</subfield>
      <subfield code="f">1712</subfield>
    </datafield>
    <datafield tag="672" ind1=" " ind2="0">
      <subfield code="a">Karl &lt;Heiliges Römisches Reich, Kaiser, IV.&gt;: Bulla aurea Caroli Quarti Romanorum Imperato*. - [ca. 1660]</subfield>
    </datafield>
    <datafield tag="672" ind1=" " ind2="0">
      <subfield code="a">Karl &lt;Heiliges Römisches Reich, Kaiser, IV.&gt;: Bulla aurea Caroli Quarti Romanorum Imperato*. - [ca. 1570]</subfield>
    </datafield>
    <datafield tag="672" ind1=" " ind2="0">
      <subfield code="a">Karl &lt;Heiliges Römisches Reich, Kaiser, IV.&gt;: Gülden Bulla Keyser Karoli deß Vierdten, im *</subfield>
      <subfield code="f">1612</subfield>
    </datafield>
    <datafield tag="672" ind1=" " ind2="0">
      <subfield code="a">Karl &lt;Heiliges Römisches Reich, Kaiser, IV.&gt;: Dises buchs inhalt ist die Gulden Bulle Ka*. - [ca. 1520]</subfield>
    </datafield>
    <datafield tag="672" ind1=" " ind2="0">
      <subfield code="a">Karl &lt;Heiliges Römisches Reich, Kaiser, IV.&gt;: Dises Buchs inhalt ist die Gulden Bulle Ka*. - [ca. 1510]</subfield>
    </datafield>
    <datafield tag="672" ind1=" " ind2="0">
      <subfield code="a">Karl &lt;Heiliges Römisches Reich, Kaiser, IV.&gt;: Aurea Bulla Caroli IV., Romanorum Imperatori*. - [ca. 1670]</subfield>
    </datafield>
    <datafield tag="672" ind1=" " ind2="0">
      <subfield code="a">Karl &lt;Heiliges Römisches Reich, Kaiser, IV.&gt;: Bulla aurea, sive Bulla Karolina. - [ca. 1501]</subfield>
    </datafield>
    <datafield tag="672" ind1=" " ind2="0">
      <subfield code="a">Karl &lt;Heiliges Römisches Reich, Kaiser, IV.&gt;: Aurea bulla Caroli IV.</subfield>
      <subfield code="f">1681</subfield>
    </datafield>
    <datafield tag="678" ind1=" " ind2=" ">
      <subfield code="b">Kaiser ab 1355, erließ die Goldene Bulle 1356; König von Böhmen und römisch-deutscher König und Kaiser</subfield>
    </datafield>
    <datafield tag="913" ind1=" " ind2=" ">
      <subfield code="S">pnd</subfield>
      <subfield code="i">5</subfield>
      <subfield code="a">Karl &lt;Römisch-Deutsches Reich, Kaiser, IV.&gt;</subfield>
      <subfield code="0">(DE-588a)118560085</subfield>
    </datafield>
    <datafield tag="913" ind1=" " ind2=" ">
      <subfield code="S">pnd</subfield>
      <subfield code="i">5</subfield>
      <subfield code="a">Karl &lt;Römisch-Deutsches Reich, Kaiser, Iiii.&gt;</subfield>
      <subfield code="0">(DE-588a)186790759</subfield>
    </datafield>
    <datafield tag="913" ind1=" " ind2=" ">
      <subfield code="S">pnd</subfield>
      <subfield code="i">5</subfield>
      <subfield code="a">Karl &lt;Römisch-Deutsches Reich, Kaiser, Iv.&gt;</subfield>
      <subfield code="0">(DE-588a)187577684</subfield>
    </datafield>
    <datafield tag="913" ind1=" " ind2=" ">
      <subfield code="S">pnd</subfield>
      <subfield code="i">5</subfield>
      <subfield code="a">KARL &lt;RÖMISCH-DEUTSCHES REICH, KAISER, &amp;nsb;IV.&amp;nse; 4&gt;</subfield>
      <subfield code="0">(DE-588a)187698007</subfield>
    </datafield>
    <datafield tag="913" ind1=" " ind2=" ">
      <subfield code="S">pnd</subfield>
      <subfield code="i">5</subfield>
      <subfield code="a">Karl IV</subfield>
      <subfield code="0">(DE-588a)142892572</subfield>
    </datafield>
  </record>
